@inproceedings{about,
  author = {Jung},
  title = {About the MBTI Assssment.},
  booktitle = {Jung's Theory of Psychological Types and the MBTI Instrument}
}

@inproceedings{kehlinswain18,
 author    = {Kehlinswain},
 title     = {Predict Personality Types Using ML \& Social Media},
 year      = {2018},
 publisher = {Kaggle}
}

@TechReport{kehscottcheng19,
  author = 	 {Keh and Sedrick Scott and I-Tsun Cheng},
  title = 	 {Myers-Briggs Personality Classification and Personality-Specific Language Generation Using Pre-Trained Language Models},
  year = 	 {2019}
}

@phdthesis{mcleod23,
  author = {Saul Mcleod},
  title =  {Carl Jung's Theories: Archetypes, Personality, and Collective Unconscious.},
  booktitle = {Simple Psychology},
  year =   {2023}
}

@Book{mitchell17,
  author = 	 {J. Mitchell},
  title = 	 {(MBTI) Myers-Briggs Personality Type Dataset},
  publisher = 	 {Kaggle},
  year = 	 {2017}
}

@Book{myers-briggs23,
  author =       {Wikipedia},
  title =        {Myers-Briggs Type Indicator},
  publisher =    {Wikipedia},
  year =         {2023}
}

@misc{nguyen18,
  author= {Janet Nguyen},
  title= {How Companies Use the Myers-Briggs System to Evaluate Employees.},
  publisher = {Marketplace},
  year= {2018}
}

@InCollection{rajshreev21,
  author =       {Rajshreev},
  title =        {MBTI Personality Predictor Using Machine Learning},
  publisher =    {Kaggle},
  year =         {2021}
}

@article{satpathy23,
  author = 	 {S. Satpathy},
  title = 	 {Overcoming class imbalance using smote techniques.},
  publisher =	 {Analytics Vidhya},
  year =	 {2021}
}

@article{randomforest23,
  author =       {Scikit},
  title = 	 {Sklearn.Ensemble.RandomForestClassifier.},
  publisher =	 {Scikit},
  year =	 {2023}
}

@Article{countvectorizer,
  author =       {Scikit},
  title = 	 {Sklearn.featureExtraction.Text.CountVectorizer},
  publisher =	 {Scikit}
}

@Article{logisticregression23,
  author =       {Scikit},
  title = 	 {Sklearn.LinearModel.LogisticRegression.},
  publisher =	 {Scikit},
  year =	 {2023}
}

@Article{sgdclassifier23,
  author =       {Scikit},
  title = 	 {Sklearn.LinearModel.SGDClassifier.},
  publisher =	 {Scikit},
  year =	 {2023}
}

@Article{naivebayes23,
  author =       {Scikit},
  title = 	 {Sklearn.NaiveBayes.CategoricalNB.},
  publisher =	 {Scikit},
  year =	 {2023}
}

@Article{kneighbors23,
  author =       {Scikit},
  title = 	 {Sklearn.Neighbors.KNeighborsClassifier.},
  publisher =	 {Scikit},
  year =	 {2023}
}

@Article{decisiontree23,
  author =       {Scikit},
  title = 	 {Sklearn.Tree.DecisionTreeClassifier.},
  publisher =	 {Scikit},
  year =	 {2023}
}

@Article{solving23,
  author =       {Zhou},
  title = 	 {Solving the Apparent Diversity-Accuracy Dilemma of Recommender Systems},
  publisher =	 {PNAS},
  year =	 {2023}
}

@Article{mbtihistory,
  author =       {Myers-Briggs},
  title = 	 {The History of the MBTI Assessment.},
  publisher =	 {The Myers-Briggs Company}
}

@Article{myers-briggs,
  author =       {Myers-Briggs},
  title = 	 {Personality Assessment Inventory and Professional Development},
  publisher =	 {The Myers-Briggs Company}
}

@Article{percentage21,
  author =       {Statista},
  title = 	 {Percentage of U.S. Population Who Currently Use Any Social Media from 2008 to 2021.},
  publisher =	 {Statista},
  year =	 {2011}
}

@Article{using22,
  author =       {Verma},
  title = 	 {Using CountVectorizer to Extracting Features from Text},
  publisher =	 {GeeksforGeeks},
  year =	 {2022}
}

@Article{supervisedlearning,
  author =       {IBM},
  title = 	 {What is supervised learning?},
  publisher =	 {IBM}
}
